<?xml version="1.0" encoding="UTF-8"?><collection xmlns="http://www.loc.gov/MARC21/slim"><record><leader>00537nam--2200193-i-4500</leader><controlfield tag="001">000042517</controlfield><controlfield tag="002">20161230</controlfield><controlfield tag="005">20161230201043</controlfield><controlfield tag="008">060222s1000------------r-----000-0-eng-d</controlfield><datafield ind1=" " ind2=" " tag="020"><subfield code="a">0126578508</subfield></datafield><datafield ind1=" " ind2=" " tag="040"><subfield code="a">IFIN-HH</subfield></datafield><datafield ind1=" " ind2=" " tag="080"><subfield code="a">539.373:538.9</subfield></datafield><datafield ind1="1" ind2=" " tag="100"><subfield code="a">Sprackling, M.T</subfield></datafield><datafield ind1="1" ind2="0" tag="245"><subfield code="a">The plastic deformation of simple ionic crystals</subfield><subfield code="c">M.t. sprackling</subfield></datafield><datafield ind1=" " ind2=" " tag="260"><subfield code="a">London</subfield><subfield code="b">Academic Press</subfield><subfield code="c">1976</subfield></datafield><datafield ind1=" " ind2=" " tag="300"><subfield code="a">IX+242 P</subfield></datafield><datafield ind1=" " ind2=" " tag="490"><subfield code="a">Materials Science And Technology Series</subfield></datafield><datafield ind1=" " ind2=" " tag="852"><subfield code="a">45347</subfield><subfield code="c">539.2</subfield></datafield><datafield ind1=" " ind2=" " tag="CAT"><subfield code="a">Sys</subfield><subfield code="c">20121026</subfield><subfield code="h">114247</subfield></datafield></record></collection>